@article{lstm,
	author = {Hochreiter, Sepp and Schmidhuber, Jürgen},
	year = {1997},
	month = {12},
	pages = {1735-80},
	title = {Long Short-term Memory},
	volume = {9},
	journal = {Neural computation},
	doi = {10.1162/neco.1997.9.8.1735}
}

@article{transfer_learning,
	author = {Ye Jia and Yu Zhang and Ron J. Weiss and Quan Wang and Jonathan Shen and Fei Ren and Zhifeng Chen and Patrick Nguyen and Ruoming Pang and Ignacio Lopez Moreno and Yonghui Wu},
	organization = {Google Inc.},
	year = {2019},
	month = {1},
	title = {Transfer Learning from Speaker Verification to Multispeaker Text-To-Speech Synthesis},
	journal = {32nd Conference on Neural Information Processing Systems},
}

@article{1035730,
	author={Y. {Tadokoro} and W. {Matsumoto} and M. {Yamaguchi}},
	booktitle={Proceedings. IEEE International Conference on Multimedia and Expo}, 
	title={Pitch detection of musical sounds using adaptive comb filters controlled by time delay}, 
	year={2002},
	volume={1},
	number={},
	pages={109-112 vol.1},}

@Online{colah,
	title  = {Understanding LSTM Networks},
	url    = {https://colah.github.io/posts/2015-08-Understanding-LSTMs/},
	author = {Christopher Olah},
	year   = {2017},
	month  = {Agosto},
	day    = {27}
}

@Online{karpathy,
	title  = {The Unreasonable Effectiveness of Recurrent Neural Networks},
	url    = {http://karpathy.github.io/2015/05/21/rnn-effectiveness/},
	author = {Andrej Karpathy},
	year   = {2015},
	month  = {Mayo},
	day    = {21}
}

@Online{rocm,
	title  = {AMD ROCm Platform},
	url    = {https://rocmdocs.amd.com/en/latest/},
	author = {AMD},
	year   = {2020}
}

@Online{rtx_voice,
	title  = {NVIDIA Rtx Voice: Setup Guide},
	url    = {https://www.nvidia.com/en-us/geforce/guides/nvidia-rtx-voice-setup-guide/},
	author = {NVIDIA},
	year   = {2020}
}

@article{rnnoise,
	author = {Jean-Marc Valin},
	organization = {Mozilla Corporation},
	year = {2018},
	month = {5},
	title = {A Hybrid DSP/Deep Learning Approach to
	Real-Time Full-Band Speech Enhancement},
	url = {https://arxiv.org/pdf/1709.08243.pdf},
}

@Online{krisp,
	title  = {World’s Best Innovative Noise Cancellation Technology Powered by Deep Neural Network},
	url    = {https://krisp.ai/technology/},
	author = {Krisp},
	year   = {2020}
}

@misc{Shinohara,
	author = {Shinohara Yuuyoru},
	title = {Noise Reduction Using GRU},
	year = {2018},
	publisher = {GitHub},
	journal = {GitHub repository},
	howpublished = {\url{https://github.com/charlespwd/project-title}},
	commit = {fb5fdca81f2813733cade038c26bfb128c9a1dc5}
}

@misc{Aditya,
	author = {Aditya Tirumala Bukkapatnam},
	title = {Noise Reduction using RNNs with Tensorflow},
	year = {2020},
	publisher = {GitHub},
	journal = {GitHub repository},
	howpublished = {\url{https://github.com/adityatb/noise-reduction-using-rnn}},
	commit = {61d0f0186e5d05fe6ef4550f3de074bb0a9b8df9}
}

@misc{git_rnnoise,
	author = {Jean-Marc Valin and Gregor Richards},
	title = {RNNoise},
	year = {2019},
	publisher = {GitHub},
	journal = {GitHub repository},
	howpublished = {\url{https://github.com/xiph/rnnoise}},
	commit = {9acc1e5a633e0961a5895a73204df24744f199b6}
}
